/Users/zaharia/OneDrive/PDFs/mendeley_bibtex/0_Papers-DGM project.bib